@inproceedings{expertise_smallblue09,
  author    = {Ching-Yung Lin and
               Nan Cao and
               Shixia Liu and
               Spiros Papadimitriou and
               Jimeng Sun and
               Xifeng Yan},
  title     = {SmallBlue: Social Network Analysis for Expertise Search
               and Collective Intelligence},
  booktitle = {ICDE},
  year      = {2009},
  pages     = {1483-1486},
  ee        = {http://doi.ieeecomputersociety.org/10.1109/ICDE.2009.140},
  bibsource = {DBLP, http://dblp.uni-trier.de}
}

@inproceedings{expertise_time08,
  author    = {Yize Li and
               Jie Tang},
  title     = {Expertise Search in a Time-Varying Social Network},
  booktitle = {WAIM},
  year      = {2008},
  pages     = {293-300},
  ee        = {http://dx.doi.org/10.1109/WAIM.2008.100},
  bibsource = {DBLP, http://dblp.uni-trier.de}
}

@techreport{pagerank99,
          number = {1999-66},
           month = {November},
          author = {Lawrence Page and Sergey Brin and Rajeev Motwani and Terry Winograd},
            note = {Previous number = SIDL-WP-1999-0120},
           title = {The PageRank Citation Ranking: Bringing Order to the Web.},
            type = {Technical Report},
       publisher = {Stanford InfoLab},
            year = {1999},
     institution = {Stanford InfoLab},
             url = {http://ilpubs.stanford.edu:8090/422/},
        abstract = {The importance of a Web page is an inherently subjective matter, which depends on the readers interests, knowledge and attitudes. But there is still much that can be said objectively about the relative importance of Web pages. This paper describes PageRank, a mathod for rating Web pages objectively and mechanically, effectively measuring the human interest and attention devoted to them. We compare PageRank to an idealized random Web surfer. We show how to efficiently compute PageRank for large numbers of pages. And, we show how to apply PageRank to search and to user navigation.}
}

@Article{katz53,
  author={Leo Katz},
  title={A new status index derived from sociometric analysis},
  journal={Psychometrika},
  year=1953,
  volume={18},
  number={1},
  pages={39-43},
  month={March},
  keywords={},
  abstract={No abstract is available for this item.},
  url={http://ideas.repec.org/a/spr/psycho/v18y1953i1p39-43.html}
}
